@misc{browserkrieg,
	title = {{Browserkrieg}},
	year = 2018,
	howpublished = "\url{https://de.wikipedia.org/wiki/Browserkrieg}",
	note = "[Online; aufgerufen am 31. Okt. 2018]"
}
@misc{js-wiki,
	title = {{JavaScript}},
	year = 2018,
	howpublished = "\url{https://de.wikipedia.org/wiki/JavaScript}",
	note = "[Online; aufgerufen am 31. Okt. 2018]"
}
@misc{js-webworkers,
	title = {{Using WebWorkers}},
	author = {{Mozilla Foundation}},
	year = 2018,
	howpublished = "\url{https://developer.mozilla.org/en-US/docs/Web/API/Web_Workers_API/Using_web_workers}",
	note = "[Online; aufgerufen am 31. Okt. 2018]"
}
@misc{node-js,
	title = {{Node.js}},
	author = {{Node.js Foundation}},
	year = 2018,
	howpublished = "\url{https://nodejs.org/}",
	note = "[Online; aufgerufen am 31. Okt. 2018]"
}
@misc{js-null-undefined,
	title = {{Javascript Undefined vs NULL}},
	author = {Ajay Matharu},
	year = 2013,
	howpublished = "\url{https://www.ajaymatharu.com/javascript-difference-between-undefined-and-null/}",
	note = "[Online; aufgerufen am 31. Okt. 2018]"
}
@misc{gradual-typing,
	title = {{TypeScript: Static or Dynamic? The war is over}},
	author = {Vlad Balin},
	year = 2016,
	howpublished = "\url{"https://medium.com/@gaperton/typescript-static-or-dynamic-64bceb50b93e"}",
	note = "[Online; aufgerufen am 31. Okt. 2018]"
}
@misc{ms-control-flow,
	title = {{TypeScript 2.0: Control Flow Based Type Analysis}},
	author = {Martin Schulz},
	year = 2016,
	howpublished = "\url{https://blog.mariusschulz.com/2016/09/30/typescript-2-0-control-flow-based-type-analysis}",
	note = "[Online; aufgerufen am 4. Nov. 2018]"
}
@misc{npm,
	title = {{NPM}},
	author = {{NPM, Inc}},
	year = 2018,
	howpublished = "\url{https://www.npmjs.com/}",
	note = "[Online; aufgerufen am 4. Nov. 2018]"
}
@misc{dt,
	title = {{DefinitelyTyped}},
	author = {{DefinitelyTyped Community}},
	year = 2018,
	howpublished = "\url{https://github.com/DefinitelyTyped/DefinitelyTyped/}",
	note = "[Online; aufgerufen am 4. Nov. 2018]"
}
@misc{ts-handbook,
	title = {{TypeScript Documentation}},
	author = {{Microsoft}},
	year = 2018,
	howpublished = "\url{https://www.typescriptlang.org/docs/}",
	note = "[Online; aufgerufen am 4. Nov. 2018]"
}
@misc{ts-basarat,
	title = {{TypeScript Deep Dive}},
	author = {Basarat Ali Syed},
	year = 2018,
	howpublished = "\url{https://basarat.gitbooks.io/typescript/}",
	note = "[Online; aufgerufen am 5. Nov. 2018]"
}
@misc{eloquent-js,
	title = {{Eloquent JavaScript, 3rd edition}},
	author = {Marijn Haverbeke},
	year = 2018,
	howpublished = "\url{https://eloquentjavascript.net/}",
	note = "[Online; aufgerufen am 3. Nov. 2018]"
}
@misc{ts-usage,
	title = {{2018 Node.js User Survey Report}},
	author = {{Node.js Foundation}},
	year = 2018,
	howpublished = "\url{https://nodejs.org/en/user-survey-report/}",
	note = "[Online; aufgerufen am 4. Nov. 2018]"
}
@misc{js-usage,
	title = {{JavaScript Enterprise Adoption and Usage}},
	author = {{Garth Hansen}},
	year = 2018,
	howpublished = "\url{https://www.youtube.com/watch?v=Kl6KlOuEu90}",
	note = "[Online; aufgerufen am 6. Nov. 2018]"
}
@misc{ts-basic-types,
	title = {{Basic Types}},
	author = {{Microsoft}},
	year = 2018,
	howpublished = "\url{https://www.typescriptlang.org/docs/handbook/basic-types.html}",
	note = "[Online; aufgerufen am 6. Nov. 2018]"
}
@misc{ts-turing-complete,
	title = {{TypeScripts Type System is Turing Complete}},
	author = {Henning Dieterichs},
	year = 2017,
	howpublished = "\url{https://github.com/Microsoft/TypeScript/issues/14833}",
	note = "[Online; aufgerufen am 6. Nov. 2018]"
}
